<?xml version="1.0" encoding="UTF-8"?>
<marc:collection xmlns:marc="http://www.loc.gov/MARC21/slim" xmlns:xsi="http://www.w3.org/2001/XMLSchema-instance" xsi:schemaLocation="http://www.loc.gov/MARC21/slim http://www.loc.gov/standards/marcxml/schema/MARC21slim.xsd">
   <marc:record type="Bibliographic">
      <marc:leader>02709cam a2200493 i 4500</marc:leader>
      <marc:controlfield tag="001">174763</marc:controlfield>
      <marc:controlfield tag="003">NjP</marc:controlfield>
      <marc:controlfield tag="005">20130613135501.0</marc:controlfield>
      <marc:controlfield tag="008">830912s1929    sy            000 0 arard</marc:controlfield>
      <marc:datafield tag="024" ind1="7" ind2=" ">
         <marc:subfield code="a">princeton_aco000139</marc:subfield>
         <marc:subfield code="2">local</marc:subfield>
      </marc:datafield>
      <marc:datafield tag="010" ind1=" " ind2=" ">
         <marc:subfield code="a">   77214115 </marc:subfield>
      </marc:datafield>
      <marc:datafield tag="035" ind1=" " ind2=" ">
         <marc:subfield code="a">(OCoLC)ocn175901074</marc:subfield>
      </marc:datafield>
      <marc:datafield tag="035" ind1=" " ind2=" ">
         <marc:subfield code="a">(OCoLC)78644742</marc:subfield>
      </marc:datafield>
      <marc:datafield tag="040" ind1=" " ind2=" ">
         <marc:subfield code="a">PUL</marc:subfield>
         <marc:subfield code="c">PUL</marc:subfield>
         <marc:subfield code="d">PUL</marc:subfield>
      </marc:datafield>
      <marc:datafield tag="035" ind1=" " ind2=" ">
         <marc:subfield code="a">(OCoLC)175901074</marc:subfield>
      </marc:datafield>
      <marc:datafield tag="035" ind1=" " ind2=" ">
         <marc:subfield code="a">(CStRLIN)NJPG83-B61576</marc:subfield>
      </marc:datafield>
      <marc:datafield tag="035" ind1=" " ind2=" ">
         <marc:subfield code="9">AAY9647TS</marc:subfield>
      </marc:datafield>
      <marc:datafield tag="035" ind1=" " ind2=" ">
         <marc:subfield code="a">(NjP)174763</marc:subfield>
      </marc:datafield>
      <marc:datafield tag="050" ind1="0" ind2="4">
         <marc:subfield code="a">PJ6696.Z8</marc:subfield>
         <marc:subfield code="b">S9 1929</marc:subfield>
      </marc:datafield>
      <marc:datafield tag="079" ind1=" " ind2=" ">
         <marc:subfield code="a">ocm78644742</marc:subfield>
      </marc:datafield>
      <marc:datafield tag="049" ind1=" " ind2=" ">
         <marc:subfield code="a">PULL</marc:subfield>
      </marc:datafield>
      <marc:datafield tag="100" ind1="0" ind2=" ">
         <marc:subfield code="6">880-01</marc:subfield>
         <marc:subfield code="a">Suyūṭī,</marc:subfield>
         <marc:subfield code="d">1445-1505.</marc:subfield>
      </marc:datafield>
      <marc:datafield tag="245" ind1="1" ind2="3">
         <marc:subfield code="6">880-02</marc:subfield>
         <marc:subfield code="a">al-Mutawakkilī fīmā warada fī al-Qurʼān bi-al-lughah al-Ḥabashīyah wa-al-Fārisīyah wa-al-Hindīyah wa-al-Turkīyah wa-al-Zanjīyah wa-al-Nabaṭīyah wa-al-Suryānīyah wa-al-ʻIbrānīyah wa-al-Rūmīyah wa-al-Barbarīyah.</marc:subfield>
         <marc:subfield code="c">Taʼlīf Jalāl al-Dīn ʻAbd al-Raḥmān ibn Abī Bakr al-Suyūti. Wa-yalīhi min taʼlīfihi risālah fī uṣūl al-kalimāt.</marc:subfield>
      </marc:datafield>
      <marc:datafield tag="260" ind1=" " ind2=" ">
         <marc:subfield code="6">880-03</marc:subfield>
         <marc:subfield code="a">Dimashq :</marc:subfield>
         <marc:subfield code="b">Maktabat al-Qudsī wa-al-Badīr,</marc:subfield>
         <marc:subfield code="c">1348 [1929 or 30]</marc:subfield>
      </marc:datafield>
      <marc:datafield tag="300" ind1=" " ind2=" ">
         <marc:subfield code="a">20 p.</marc:subfield>
         <marc:subfield code="c">22 cm.</marc:subfield>
      </marc:datafield>
      <marc:datafield tag="500" ind1=" " ind2=" ">
         <marc:subfield code="6">880-04</marc:subfield>
         <marc:subfield code="a">"Allaftu hādhā al-kitāb al-mukhtaṣar mulakhkhaṣan min kitābī al-mabsūṭ al-masālik wa-sammaytuhu al-Mutawakkilī."</marc:subfield>
      </marc:datafield>
      <marc:datafield tag="500" ind1=" " ind2=" ">
         <marc:subfield code="6">880-05</marc:subfield>
         <marc:subfield code="a">"al-Uṣūl" : p. 14-20.</marc:subfield>
      </marc:datafield>
      <marc:datafield tag="630" ind1="0" ind2="0">
         <marc:subfield code="a">Qurʼan</marc:subfield>
         <marc:subfield code="x">Language, style.</marc:subfield>
      </marc:datafield>
      <marc:datafield tag="650" ind1=" " ind2="0">
         <marc:subfield code="a">Arabic language</marc:subfield>
         <marc:subfield code="x">Foreign words and phrases.</marc:subfield>
      </marc:datafield>
      <marc:datafield tag="650" ind1=" " ind2="0">
         <marc:subfield code="a">Arabic language</marc:subfield>
         <marc:subfield code="x">Etymology.</marc:subfield>
      </marc:datafield>
      <marc:datafield tag="700" ind1="0" ind2="2">
         <marc:subfield code="6">880-06</marc:subfield>
         <marc:subfield code="a">Suyūṭī,</marc:subfield>
         <marc:subfield code="d">1445-1505.</marc:subfield>
         <marc:subfield code="t">Masālik.</marc:subfield>
      </marc:datafield>
      <marc:datafield tag="740" ind1="0" ind2=" ">
         <marc:subfield code="6">880-07</marc:subfield>
         <marc:subfield code="a">Risālah fī uṣūl al-kalimāt.</marc:subfield>
      </marc:datafield>
      <marc:datafield tag="740" ind1="0" ind2=" ">
         <marc:subfield code="6">880-08</marc:subfield>
         <marc:subfield code="a">Uṣūl.</marc:subfield>
      </marc:datafield>
      <marc:datafield tag="880" ind1="0" ind2=" ">
         <marc:subfield code="6">100-01/r</marc:subfield>
         <marc:subfield code="a">سيوطي،</marc:subfield>
         <marc:subfield code="d">1445-1505.</marc:subfield>
      </marc:datafield>
      <marc:datafield tag="880" ind1="1" ind2="2">
         <marc:subfield code="6">245-02/r</marc:subfield>
         <marc:subfield code="a">المتوكلي فيما ورد في القرآن باللغة الحبشية والفارسية والهندية والتركية والزنجية والنبطية والسريانية والعبرانية والرومية والبربرية.</marc:subfield>
         <marc:subfield code="c">تأليف جلال الدين عبد الرحمن بن ابي بكر السيوت. ويليه من تأليفه رسالة في اصول الكلمات.</marc:subfield>
      </marc:datafield>
      <marc:datafield tag="880" ind1=" " ind2=" ">
         <marc:subfield code="6">260-03/r</marc:subfield>
         <marc:subfield code="a">دمشق :</marc:subfield>
         <marc:subfield code="b">مكتبة القدسي والبدير،</marc:subfield>
         <marc:subfield code="c">1348 [1929 or 30]</marc:subfield>
      </marc:datafield>
      <marc:datafield tag="880" ind1=" " ind2=" ">
         <marc:subfield code="6">500-04/r</marc:subfield>
         <marc:subfield code="a">"لفت هذه الكتاب المختصر ملخصن من كتابي المبسوط المسالك وسميته المتوكلي."</marc:subfield>
      </marc:datafield>
      <marc:datafield tag="880" ind1=" " ind2=" ">
         <marc:subfield code="6">500-05/r</marc:subfield>
         <marc:subfield code="a">"الاصول" : ص. 14-20.</marc:subfield>
      </marc:datafield>
      <marc:datafield tag="880" ind1="0" ind2="2">
         <marc:subfield code="6">700-06/r</marc:subfield>
         <marc:subfield code="a">سيوطي،</marc:subfield>
         <marc:subfield code="d">1445-1505.</marc:subfield>
         <marc:subfield code="t">مسالك.</marc:subfield>
      </marc:datafield>
      <marc:datafield tag="880" ind1="0" ind2=" ">
         <marc:subfield code="6">740-07/r</marc:subfield>
         <marc:subfield code="a">رسالة في اصول الكلمات.</marc:subfield>
      </marc:datafield>
      <marc:datafield tag="880" ind1="0" ind2=" ">
         <marc:subfield code="6">740-08/r</marc:subfield>
         <marc:subfield code="a">اصول.</marc:subfield>
      </marc:datafield>
      <marc:datafield tag="998" ind1=" " ind2=" ">
         <marc:subfield code="a">09/29/83</marc:subfield>
         <marc:subfield code="s">9114</marc:subfield>
         <marc:subfield code="n">NjP</marc:subfield>
         <marc:subfield code="w">NJPG83B61576</marc:subfield>
         <marc:subfield code="d">09/12/83</marc:subfield>
         <marc:subfield code="c">RNG</marc:subfield>
         <marc:subfield code="b">MT</marc:subfield>
         <marc:subfield code="i">830929</marc:subfield>
         <marc:subfield code="l">NJPG</marc:subfield>
      </marc:datafield>
      <marc:datafield tag="911" ind1=" " ind2=" ">
         <marc:subfield code="a">19921028</marc:subfield>
      </marc:datafield>
      <marc:datafield tag="912" ind1=" " ind2=" ">
         <marc:subfield code="a">19960126052940.0</marc:subfield>
      </marc:datafield>
      <marc:datafield tag="994" ind1=" " ind2=" ">
         <marc:subfield code="a">C0</marc:subfield>
         <marc:subfield code="b">PUL</marc:subfield>
      </marc:datafield>
      <marc:datafield tag="999" ind1=" " ind2=" ">
         <marc:subfield code="a">174763</marc:subfield>
      </marc:datafield>
   </marc:record>
</marc:collection>
